@article{nakamoto2008bitcoin,
  title={Bitcoin: A peer-to-peer electronic cash system},
  author={Nakamoto, Satoshi},
  year={2008},
  url={https://bitcoin.org/bitcoin.pdf}
}

@article{buterin2014ethereum,
  title={Ethereum: A next-generation smart contract and decentralized application platform},
  author={Buterin, Vitalik},
  journal={Ethereum Project White Paper},
  year={2014}
}

@article{adams2021uniswap,
  title={Uniswap v3 Core},
  author={Adams, Hayden and Zinsmeister, Noah and Salem, Moody and Keefer, River and Robinson, Dan},
  journal={Uniswap White Paper},
  year={2021}
}

@inproceedings{dpdk2014,
  title={Intel DPDK: Data Plane Development Kit},
  author={{Intel Corporation}},
  booktitle={Proceedings of Linux Foundation Collaborative Summit},
  year={2014}
}

@article{rdma2015,
  title={FaRM: Fast remote memory},
  author={Dragojevi{\'c}, Aleksandar and Narayanan, Dushyanth and Castro, Miguel and Hodson, Orion},
  journal={NSDI},
  pages={401--414},
  year={2015}
}

@inproceedings{badger2019,
  title={BadgerDB: Fast key-value store in pure Go},
  author={{Dgraph Labs}},
  booktitle={GopherCon},
  year={2019},
  url={https://github.com/dgraph-io/badger}
}

@article{fpc2019,
  title={Fast Probabilistic Consensus within Byzantine Infrastructures},
  author={Popov, Serguei and Buchanan, William J},
  journal={Journal of Parallel and Distributed Computing},
  year={2019}
}

@article{ringtail2022,
  title={Ringtail: A lattice-based signature scheme for post-quantum security},
  author={Chen, Lily and Jordan, Stephen and Liu, Yi-Kai and Moody, Dustin},
  journal={NIST Post-Quantum Cryptography},
  year={2022}
}

@article{bls2001,
  title={Short signatures from the Weil pairing},
  author={Boneh, Dan and Lynn, Ben and Shacham, Hovav},
  journal={ASIACRYPT},
  pages={514--532},
  year={2001}
}

@article{zeromq2013,
  title={ZeroMQ: Messaging for Many Applications},
  author={Hintjens, Pieter},
  publisher={O'Reilly Media},
  year={2013}
}

@article{fix2023,
  title={FIX Protocol Specification 5.0 SP2},
  author={{FIX Trading Community}},
  journal={FIX Protocol Ltd},
  year={2023},
  url={https://www.fixtrading.org}
}

@article{sbe2014,
  title={Simple Binary Encoding},
  author={{Real Logic}},
  journal={FIX Trading Community Standard},
  year={2014}
}

@inproceedings{cuda2022,
  title={CUDA Programming Guide 12.0},
  author={{NVIDIA Corporation}},
  year={2022},
  url={https://docs.nvidia.com/cuda/}
}

@article{metal2023,
  title={Metal Performance Shaders for GPU Acceleration},
  author={{Apple Inc}},
  journal={Apple Developer Documentation},
  year={2023}
}

@article{dag2018,
  title={DAG-based Distributed Ledgers: A Survey},
  author={Wang, Qin and Yu, Jiangshan and Chen, Shiping and Xiang, Yang},
  journal={IEEE Access},
  volume={8},
  pages={151117--151131},
  year={2020}
}

@article{mev2021,
  title={Flash Boys 2.0: Frontrunning, Transaction Reordering, and Consensus Instability in Decentralized Exchanges},
  author={Daian, Philip and Goldfeder, Steven and Kell, Tyler and Li, Yunqi and Zhao, Xueyuan and Bentov, Iddo and Breidenbach, Lorenz and Juels, Ari},
  journal={IEEE Symposium on Security and Privacy},
  year={2021}
}

@article{lockfree2011,
  title={The Art of Multiprocessor Programming},
  author={Herlihy, Maurice and Shavit, Nir},
  publisher={Morgan Kaufmann},
  year={2011}
}

@article{btree1972,
  title={Organization and maintenance of large ordered indices},
  author={Bayer, Rudolf and McCreight, Edward},
  journal={Acta Informatica},
  volume={1},
  number={3},
  pages={173--189},
  year={1972}
}

@article{nasdaq2019,
  title={NASDAQ INET Trading System Architecture},
  author={{NASDAQ}},
  journal={NASDAQ Technical Documentation},
  year={2019}
}

@article{nyse2018,
  title={NYSE Pillar: Next Generation Trading Platform},
  author={{NYSE}},
  journal={NYSE Technical Specification},
  year={2018}
}

@article{quantum2023,
  title={Post-Quantum Cryptography: Current State and Future Directions},
  author={Bernstein, Daniel J and Lange, Tanja},
  journal={Nature Reviews Materials},
  year={2023}
}

@article{grover1996,
  title={A fast quantum mechanical algorithm for database search},
  author={Grover, Lov K},
  journal={Proceedings of ACM STOC},
  pages={212--219},
  year={1996}
}

@article{shor1997,
  title={Polynomial-time algorithms for prime factorization and discrete logarithms on a quantum computer},
  author={Shor, Peter W},
  journal={SIAM Journal on Computing},
  volume={26},
  number={5},
  pages={1484--1509},
  year={1997}
}

@article{mellanox2023,
  title={ConnectX-7 400Gb/s Ethernet Adapter},
  author={{NVIDIA Mellanox}},
  journal={Product Brief},
  year={2023},
  url={https://www.nvidia.com/en-us/networking/ethernet/connectx-7/}
}

@article{ibc2021,
  title={Inter-Blockchain Communication Protocol},
  author={{Cosmos Network}},
  journal={IBC Specification},
  year={2021},
  url={https://github.com/cosmos/ibc}
}

@article{zksnark2016,
  title={Zcash: Decentralized anonymous payments from bitcoin},
  author={Sasson, Eli Ben and Chiesa, Alessandro and Garman, Christina and Green, Matthew and Miers, Ian and Tromer, Eran and Virza, Madars},
  journal={IEEE Symposium on Security and Privacy},
  pages={459--474},
  year={2016}
}

@article{optane2019,
  title={Intel Optane DC Persistent Memory},
  author={{Intel Corporation}},
  journal={Intel Architecture Day},
  year={2019}
}

@article{formal2020,
  title={Formal Verification of Blockchain Consensus Protocols},
  author={Gauthier, Gerald and Wadler, Philip},
  journal={ACM Computing Surveys},
  year={2020}
}

@article{cbdc2023,
  title={Central Bank Digital Currencies: System Design and Interoperability},
  author={{Bank for International Settlements}},
  journal={BIS Papers},
  number={115},
  year={2023}
}